{
  "leader": "02886cam a22004091i 4500",
  "fields": [
    {
      "001": "ocm00573451\\"
    },
    {
      "003": "OCoLC"
    },
    {
      "005": "20220701151929.0"
    },
    {
      "008": "841017s1923\\\\\\\\nyuacfh\\\\\\\\\\\\\\001\\0aeng\\\\"
    },
    {
      "010": {
        "ind1": "\\",
        "ind2": "\\",
        "subfields": [
          {
            "a": "   23013553 "
          }
        ]
      }
    },
    {
      "040": {
        "ind1": "\\",
        "ind2": "\\",
        "subfields": [
          {
            "a": "DLC/ICU"
          },
          {
            "b": "eng"
          },
          {
            "c": "CGU"
          },
          {
            "d": "DLC"
          },
          {
            "d": "NLGGC"
          },
          {
            "d": "DRB"
          },
          {
            "d": "TXJ"
          },
          {
            "d": "AKU"
          },
          {
            "d": "VVW"
          },
          {
            "d": "KSU"
          },
          {
            "d": "UKMGB"
          },
          {
            "d": "ZVM"
          },
          {
            "d": "MOF"
          },
          {
            "d": "YBM"
          },
          {
            "d": "OCLCQ"
          },
          {
            "d": "OCLCF"
          },
          {
            "d": "SHH"
          },
          {
            "d": "TPA"
          },
          {
            "d": "CTB"
          },
          {
            "d": "NLC"
          },
          {
            "d": "OCLCO"
          },
          {
            "d": "OCL"
          },
          {
            "d": "ALMSI"
          },
          {
            "d": "OCLCQ"
          },
          {
            "d": "MNB"
          },
          {
            "d": "TYC"
          },
          {
            "d": "CNO"
          },
          {
            "d": "CSA"
          },
          {
            "d": "BRL"
          },
          {
            "d": "KZS"
          },
          {
            "d": "HCO"
          },
          {
            "d": "WRM"
          },
          {
            "d": "GILDS"
          },
          {
            "d": "MIC"
          },
          {
            "d": "OCLCQ"
          },
          {
            "d": "WOR"
          },
          {
            "d": "CEF"
          },
          {
            "d": "TKN"
          },
          {
            "d": "CSO"
          },
          {
            "d": "BUB"
          },
          {
            "d": "FQG"
          },
          {
            "d": "OCLCQ"
          },
          {
            "d": "NAM"
          },
          {
            "d": "PAU"
          },
          {
            "d": "SNN"
          },
          {
            "d": "NJR"
          },
          {
            "d": "INT"
          },
          {
            "d": "QE2"
          },
          {
            "d": "URS"
          },
          {
            "d": "FQM"
          },
          {
            "d": "UAB"
          },
          {
            "d": "UWO"
          },
          {
            "d": "OCLCQ"
          },
          {
            "d": "LGG"
          },
          {
            "d": "OCLCQ"
          },
          {
            "d": "OCLCO"
          },
          {
            "d": "DKC"
          },
          {
            "d": "CAI"
          },
          {
            "d": "MBB"
          },
          {
            "d": "MMC"
          },
          {
            "d": "M8D"
          },
          {
            "d": "OCLCQ"
          },
          {
            "d": "OCLCO"
          },
          {
            "d": "UWK"
          },
          {
            "d": "OCLCA"
          },
          {
            "d": "OCLCQ"
          },
          {
            "d": "OCLCO"
          },
          {
            "d": "IL4J6"
          },
          {
            "d": "ITD"
          },
          {
            "d": "OCLCO"
          }
        ]
      }
    },
    {
      "016": {
        "ind1": "\\",
        "ind2": "\\",
        "subfields": [
          {
            "a": "(AMICUS)000002378177"
          }
        ]
      }
    },
    {
      "016": {
        "ind1": "7",
        "ind2": "\\",
        "subfields": [
          {
            "a": "009601794"
          },
          {
            "2": "Uk"
          }
        ]
      }
    },
    {
      "019": {
        "ind1": "\\",
        "ind2": "\\",
        "subfields": [
          {
            "a": "150496949"
          },
          {
            "a": "968056231"
          },
          {
            "a": "979180998"
          },
          {
            "a": "990147093"
          },
          {
            "a": "993147752"
          },
          {
            "a": "1016524488"
          },
          {
            "a": "1039039065"
          },
          {
            "a": "1057586577"
          },
          {
            "a": "1103782295"
          },
          {
            "a": "1108179630"
          },
          {
            "a": "1124565544"
          }
        ]
      }
    },
    {
      "035": {
        "ind1": "\\",
        "ind2": "\\",
        "subfields": [
          {
            "a": "(OCoLC)573451"
          },
          {
            "z": "(OCoLC)150496949"
          },
          {
            "z": "(OCoLC)968056231"
          },
          {
            "z": "(OCoLC)979180998"
          },
          {
            "z": "(OCoLC)990147093"
          },
          {
            "z": "(OCoLC)993147752"
          },
          {
            "z": "(OCoLC)1016524488"
          },
          {
            "z": "(OCoLC)1039039065"
          },
          {
            "z": "(OCoLC)1057586577"
          },
          {
            "z": "(OCoLC)1103782295"
          },
          {
            "z": "(OCoLC)1108179630"
          },
          {
            "z": "(OCoLC)1124565544"
          }
        ]
      }
    },
    {
      "050": {
        "ind1": "0",
        "ind2": "0",
        "subfields": [
          {
            "a": "T40.P8"
          },
          {
            "b": "A3 1923"
          }
        ]
      }
    },
    {
      "080": {
        "ind1": "0",
        "ind2": "\\",
        "subfields": [
          {
            "a": "92 PUP"
          }
        ]
      }
    },
    {
      "082": {
        "ind1": "0",
        "ind2": "4",
        "subfields": [
          {
            "a": "609.2"
          },
          {
            "b": "PUP"
          }
        ]
      }
    },
    {
      "100": {
        "ind1": "1",
        "ind2": "\\",
        "subfields": [
          {
            "a": "Pupin, Michael,"
          },
          {
            "d": "1858-1935."
          }
        ]
      }
    },
    {
      "245": {
        "ind1": "1",
        "ind2": "0",
        "subfields": [
          {
            "a": "From immigrant to inventor /"
          },
          {
            "c": "by Michael Pupin."
          }
        ]
      }
    },
    {
      "260": {
        "ind1": "\\",
        "ind2": "\\",
        "subfields": [
          {
            "a": "New York,"
          },
          {
            "a": "London,"
          },
          {
            "b": "Scribner's Sons,"
          },
          {
            "c": "1923."
          }
        ]
      }
    },
    {
      "300": {
        "ind1": "\\",
        "ind2": "\\",
        "subfields": [
          {
            "a": "6 preliminary leaves, 396 pages :"
          },
          {
            "b": "frontispiece, plates, portraits, facsimile, diagram ;"
          },
          {
            "c": "23 cm"
          }
        ]
      }
    },
    {
      "336": {
        "ind1": "\\",
        "ind2": "\\",
        "subfields": [
          {
            "a": "text"
          },
          {
            "b": "txt"
          },
          {
            "2": "rdacontent"
          }
        ]
      }
    },
    {
      "337": {
        "ind1": "\\",
        "ind2": "\\",
        "subfields": [
          {
            "a": "unmediated"
          },
          {
            "b": "n"
          },
          {
            "2": "rdamedia"
          }
        ]
      }
    },
    {
      "338": {
        "ind1": "\\",
        "ind2": "\\",
        "subfields": [
          {
            "a": "volume"
          },
          {
            "b": "nc"
          },
          {
            "2": "rdacarrier"
          }
        ]
      }
    },
    {
      "505": {
        "ind1": "0",
        "ind2": "\\",
        "subfields": [
          {
            "a": "What I brought to America -- The hardships of a greenhorn -- The end of the apprenticeship as greenhorn -- From greenhorn to citizenship and college degree -- First journey to Idvor in eleven years -- Studies at the University of Cambridge -- End of studies at the University of Cambridge -- Studies at the University of Berlin -- End of studies at the University of Berlin -- The first period of my academic career at Columbia University -- The rise of idealism in American science -- The national research council."
          }
        ]
      }
    },
    {
      "586": {
        "ind1": "\\",
        "ind2": "\\",
        "subfields": [
          {
            "a": "Pulitzer Prize for Autobiography, 1924"
          }
        ]
      }
    },
    {
      "500": {
        "ind1": "\\",
        "ind2": "\\",
        "subfields": [
          {
            "a": "Includes index."
          }
        ]
      }
    },
    {
      "520": {
        "ind1": "\\",
        "ind2": "\\",
        "subfields": [
          {
            "a": "Michael Pupin tells of his life story coming from Serbia as an immigrant arriving in Castle Garden with five cents in his pocket. His objective for writing the book was to describe the rise of idealism in American science, and particularly in physical sciences."
          }
        ]
      }
    },
    {
      "600": {
        "ind1": "1",
        "ind2": "0",
        "subfields": [
          {
            "a": "Pupin, Michael,"
          },
          {
            "d": "1858-1935."
          }
        ]
      }
    },
    {
      "600": {
        "ind1": "1",
        "ind2": "7",
        "subfields": [
          {
            "a": "Pupin, Michael,"
          },
          {
            "d": "1858-1935."
          },
          {
            "2": "fast"
          },
          {
            "0": "(OCoLC)fst01801427"
          }
        ]
      }
    },
    {
      "655": {
        "ind1": "\\",
        "ind2": "7",
        "subfields": [
          {
            "a": "Biographies."
          },
          {
            "2": "fast"
          },
          {
            "0": "(OCoLC)fst01919896"
          }
        ]
      }
    },
    {
      "655": {
        "ind1": "\\",
        "ind2": "7",
        "subfields": [
          {
            "a": "Biographies."
          },
          {
            "2": "lcgft"
          }
        ]
      }
    },
    {
      "776": {
        "ind1": "0",
        "ind2": "8",
        "subfields": [
          {
            "i": "Online version:"
          },
          {
            "a": "Pupin, Michael Idvorsky, 1858-1935."
          },
          {
            "t": "From immigrant to inventor."
          },
          {
            "d": "New York, London, Scribner's Sons, 1923"
          },
          {
            "w": "(OCoLC)596215925"
          }
        ]
      }
    },
    {
      "994": {
        "ind1": "\\",
        "ind2": "\\",
        "subfields": [
          {
            "a": "Z0"
          },
          {
            "b": "NYRVC"
          }
        ]
      }
    },
    {
      "948": {
        "ind1": "\\",
        "ind2": "\\",
        "subfields": [
          {
            "h": "NO HOLDINGS IN NYRVC - 628 OTHER HOLDINGS"
          }
        ]
      }
    },
    {
      "999": {
        "ind1": "\\",
        "ind2": "\\",
        "subfields": [
          {
            "a": "00000000012913"
          }
        ]
      }
    }
  ]
}